<record><leader>00000cas a22000007  4500</leader><controlfield tag="001">2253894</controlfield><controlfield tag="008">760620d19731981mouen ne      0   a0eng d</controlfield><datafield ind1=" " ind2=" " tag="010"><subfield code="a">sn 79000643 </subfield></datafield><datafield ind1=" " ind2=" " tag="040"><subfield code="a">MUL</subfield><subfield code="b">eng</subfield><subfield code="c">MUL</subfield><subfield code="d">NSD</subfield><subfield code="d">MQN</subfield><subfield code="d">OCL</subfield><subfield code="d">OCLCQ</subfield><subfield code="d">OCLCF</subfield><subfield code="d">OCLCO</subfield></datafield><datafield ind1=" " ind2=" " tag="012"><subfield code="k">1</subfield><subfield code="m">1</subfield></datafield><datafield ind1="1" ind2=" " tag="022"><subfield code="a">0194-9705</subfield><subfield code="l">0194-9705</subfield><subfield code="2">1</subfield></datafield><datafield ind1="1" ind2=" " tag="029"><subfield code="a">AU@</subfield><subfield code="b">000025790732</subfield></datafield><datafield ind1=" " ind2=" " tag="032"><subfield code="a">011230</subfield><subfield code="b">USPS</subfield></datafield><datafield ind1=" " ind2=" " tag="042"><subfield code="a">nsdp</subfield></datafield><datafield ind1=" " ind2="0" tag="222"><subfield code="a">Missouri in perspective</subfield></datafield><datafield ind1="0" ind2="0" tag="245"><subfield code="a">Missouri in perspective.</subfield></datafield><datafield ind1=" " ind2=" " tag="260"><subfield code="a">St. Louis, Mo. :</subfield><subfield code="b">Evangelical Lutherans in Mission,</subfield></datafield><datafield ind1=" " ind2=" " tag="310"><subfield code="a">Biweekly (except monthly in July, Aug., &amp; Dec.)</subfield></datafield><datafield ind1=" " ind2=" " tag="321"><subfield code="a">Weekly</subfield></datafield><datafield ind1="0" ind2=" " tag="362"><subfield code="a">Vol. 1, no. 1 (Oct. 22, 1973)-v. 8, no. 22 (Oct. 5, 1981).</subfield></datafield><datafield ind1="2" ind2="0" tag="610"><subfield code="a">Lutheran Church--Missouri Synod</subfield><subfield code="v">Newspapers.</subfield></datafield><datafield ind1=" " ind2="4" tag="651"><subfield code="a">Saint Louis (Mo.)</subfield><subfield code="v">Newspapers.</subfield></datafield><datafield ind1=" " ind2="7" tag="655"><subfield code="a">Newspapers.</subfield><subfield code="2">fast</subfield><subfield code="0">(OCoLC)fst01423814</subfield></datafield><datafield ind1="2" ind2="7" tag="610"><subfield code="a">Lutheran Church--Missouri Synod.</subfield><subfield code="2">fast</subfield><subfield code="0">(OCoLC)fst00544309</subfield></datafield><datafield ind1="2" ind2=" " tag="710"><subfield code="a">Evangelical Lutherans in Mission.</subfield></datafield><datafield ind1=" " ind2=" " tag="752"><subfield code="a">United States</subfield><subfield code="b">Missouri</subfield><subfield code="d">Saint Louis.</subfield></datafield><datafield ind1="0" ind2="0" tag="785"><subfield code="t">Lutheran perspective</subfield><subfield code="w">(DLC)sn 81002182</subfield></datafield></record>